@ARTICLE{baluev2009,
   author = {{Baluev}, R.~V.},
    title = "{Accounting for velocity jitter in planet search surveys}",
  journal = {\mnras},
archivePrefix = "arXiv",
   eprint = {0712.3862},
 keywords = {methods: data analysis , methods: statistical , techniques: radial velocities , surveys , stars: individual: HD 74156 , stars: planetary systems},
     year = 2009,
    month = mar,
   volume = 393,
    pages = {969-978},
      doi = {10.1111/j.1365-2966.2008.14217.x},
   adsurl = {http://adsabs.harvard.edu/abs/2009MNRAS.393..969B},
  adsnote = {Provided by the SAO/NASA Astrophysics Data System}
}

@INPROCEEDINGS{batalha2013,
   author = {{Batalha}, N.~M. and {Kepler Team}},
    title = "{Finding the Next Earth}",
booktitle = {AAS Meeting Abstracts},
     year = 2013,
   volume = 221,
    month = jan,
    pages = {200.01},
   adsurl = {http://adsabs.harvard.edu/abs/2013AAS...22120001B},
  adsnote = {Provided by the SAO/NASA Astrophysics Data System}
}

@INPROCEEDINGS{bottom2013,
   author = {{Bottom}, M. and {Muirhead}, P. and {Johnson}, J.~A. and {Blake}, C.
	},
    title = "{Optimizing Doppler Surveys for Planet Yield}",
booktitle = {AAS Meeting Abstracts},
     year = 2013,
   volume = 221,
    month = jan,
    pages = {149.07},
   adsurl = {http://adsabs.harvard.edu/abs/2013AAS...22114907B},
  adsnote = {Provided by the SAO/NASA Astrophysics Data System}
}

@ARTICLE{dumusque2012,
   author = {{Dumusque}, X. and {Pepe}, F. and {Lovis}, C. and {S{\'e}gransan}, D. and 
	{Sahlmann}, J. and {Benz}, W. and {Bouchy}, F. and {Mayor}, M. and 
	{Queloz}, D. and {Santos}, N. and {Udry}, S.},
    title = "{An Earth-mass planet orbiting {$\alpha$} Centauri B}",
  journal = {\nat},
     year = 2012,
    month = nov,
   volume = 491,
    pages = {207-211},
      doi = {10.1038/nature11572},
   adsurl = {http://adsabs.harvard.edu/abs/2012Natur.491..207D},
  adsnote = {Provided by the SAO/NASA Astrophysics Data System}
}

@ARTICLE{gettel2012,
   author = {{Gettel}, S. and {Wolszczan}, A. and {Niedzielski}, A. and {Nowak}, G. and 
	{Adam{\'o}w}, M. and {Zieli{\'n}ski}, P. and {Maciejewski}, G.
	},
    title = "{Planets around the K-giants BD+20 274 and HD 219415}",
  journal = {\apj},
archivePrefix = "arXiv",
   eprint = {1207.0488},
 primaryClass = "astro-ph.EP",
 keywords = {planetary systems, stars: individual: BD+20 274 HD 219415},
     year = 2012,
    month = sep,
   volume = 756,
      eid = {53},
    pages = {53},
      doi = {10.1088/0004-637X/756/1/53},
   adsurl = {http://adsabs.harvard.edu/abs/2012ApJ...756...53G},
  adsnote = {Provided by the SAO/NASA Astrophysics Data System}
}

@INPROCEEDINGS{hogstrom2013,
   author = {{Hogstrom}, K. and {Johnson}, J.~A. and {Wright}, J. and {McCrady}, N. and 
	{Swift}, J. and {Muirhead}, P. and {Bottom}, M. and {Plavchan}, P. and 
	{Zhao}, M. and {Riddle}, R.~L.},
    title = "{Minerva: A Dedicated Observatory for the Detection of Small Planets in the Solar Neighborhood}",
booktitle = {AAS Meeting Abstracts},
     year = 2013,
   volume = 221,
    month = jan,
    pages = {149.06},
   adsurl = {http://adsabs.harvard.edu/abs/2013AAS...22114906H},
  adsnote = {Provided by the SAO/NASA Astrophysics Data System}
}

@ARTICLE{horner2008,
   author = {{Horner}, J. and {Jones}, B.~W.},
    title = "{Jupiter   friend or foe? I: The asteroids}",
  journal = {International Journal of Astrobiology},
archivePrefix = "arXiv",
   eprint = {0806.2795},
 keywords = {asteroids, comets, minor planets, planets and satellites,  Solar System, Solar System formation},
     year = 2008,
    month = oct,
   volume = 7,
    pages = {251-261},
      doi = {10.1017/S1473550408004187},
   adsurl = {http://adsabs.harvard.edu/abs/2008IJAsB...7..251H},
  adsnote = {Provided by the SAO/NASA Astrophysics Data System}
}

@ARTICLE{johnson2011,
   author = {{Johnson}, J.~A. and {Clanton}, C. and {Howard}, A.~W. and {Bowler}, B.~P. and 
	{Henry}, G.~W. and {Marcy}, G.~W. and {Crepp}, J.~R. and {Endl}, M. and 
	{Cochran}, W.~D. and {MacQueen}, P.~J. and {Wright}, J.~T. and 
	{Isaacson}, H.},
    title = "{Retired A Stars and Their Companions. VII. 18 New Jovian Planets}",
  journal = {\apjs},
archivePrefix = "arXiv",
   eprint = {1108.4205},
 primaryClass = "astro-ph.EP",
 keywords = {binaries: spectroscopic, planetary systems, techniques: photometric, techniques: radial velocities},
     year = 2011,
    month = dec,
   volume = 197,
      eid = {26},
    pages = {26},
      doi = {10.1088/0067-0049/197/2/26},
   adsurl = {http://adsabs.harvard.edu/abs/2011ApJS..197...26J},
  adsnote = {Provided by the SAO/NASA Astrophysics Data System}
}

@ARTICLE{marcy2014,
   author = {{Marcy}, G.~W. and {Isaacson}, H. and {Howard}, A.~W. and {Rowe}, J.~F. and 
	{Jenkins}, J.~M. and {Bryson}, S.~T. and {Latham}, D.~W. and 
	{Howell}, S.~B. and {Gautier}, III, T.~N. and {Batalha}, N.~M. and 
	{Rogers}, L. and {Ciardi}, D. and {Fischer}, D.~A. and {Gilliland}, R.~L. and 
	{Kjeldsen}, H. and {Christensen-Dalsgaard}, J. and {Huber}, D. and 
	{Chaplin}, W.~J. and {Basu}, S. and {Buchhave}, L.~A. and {Quinn}, S.~N. and 
	{Borucki}, W.~J. and {Koch}, D.~G. and {Hunter}, R. and {Caldwell}, D.~A. and 
	{Van Cleve}, J. and {Kolbl}, R. and {Weiss}, L.~M. and {Petigura}, E. and 
	{Seager}, S. and {Morton}, T. and {Johnson}, J.~A. and {Ballard}, S. and 
	{Burke}, C. and {Cochran}, W.~D. and {Endl}, M. and {MacQueen}, P. and 
	{Everett}, M.~E. and {Lissauer}, J.~J. and {Ford}, E.~B. and 
	{Torres}, G. and {Fressin}, F. and {Brown}, T.~M. and {Steffen}, J.~H. and 
	{Charbonneau}, D. and {Basri}, G.~S. and {Sasselov}, D.~D. and 
	{Winn}, J. and {Sanchis-Ojeda}, R. and {Christiansen}, J. and 
	{Adams}, E. and {Henze}, C. and {Dupree}, A. and {Fabrycky}, D.~C. and 
	{Fortney}, J.~J. and {Tarter}, J. and {Holman}, M.~J. and {Tenenbaum}, P. and 
	{Shporer}, A. and {Lucas}, P.~W. and {Welsh}, W.~F. and {Orosz}, J.~A. and 
	{Bedding}, T.~R. and {Campante}, T.~L. and {Davies}, G.~R. and 
	{Elsworth}, Y. and {Handberg}, R. and {Hekker}, S. and {Karoff}, C. and 
	{Kawaler}, S.~D. and {Lund}, M.~N. and {Lundkvist}, M. and {Metcalfe}, T.~S. and 
	{Miglio}, A. and {Silva Aguirre}, V. and {Stello}, D. and {White}, T.~R. and 
	{Boss}, A. and {Devore}, E. and {Gould}, A. and {Prsa}, A. and 
	{Agol}, E. and {Barclay}, T. and {Coughlin}, J. and {Brugamyer}, E. and 
	{Mullally}, F. and {Quintana}, E.~V. and {Still}, M. and {Thompson}, S.~E. and 
	{Morrison}, D. and {Twicken}, J.~D. and {D{\'e}sert}, J.-M. and 
	{Carter}, J. and {Crepp}, J.~R. and {H{\'e}brard}, G. and {Santerne}, A. and 
	{Moutou}, C. and {Sobeck}, C. and {Hudgins}, D. and {Haas}, M.~R. and 
	{Robertson}, P. and {Lillo-Box}, J. and {Barrado}, D.},
    title = "{Masses, Radii, and Orbits of Small Kepler Planets: The Transition from Gaseous to Rocky Planets}",
  journal = {\apjs},
archivePrefix = "arXiv",
   eprint = {1401.4195},
 primaryClass = "astro-ph.EP",
 keywords = {planetary systems, planets and satellites: detection, stars: individual: Kepler-25 Kepler-37 Kepler-48 Kepler-68 Kepler-93 Kepler-94 Kepler-95 Kepler-96 Kepler-97 Kepler-98 Kepler-99 Kepler-100 Kepler-102 Kepler-103 Kepler-106 Kepler-109 Kepler-113 Kepler-131 Kepler-406 Kepler-407 Kepler-409, techniques: photometric, techniques: radial velocities},
     year = 2014,
    month = feb,
   volume = 210,
      eid = {20},
    pages = {20},
      doi = {10.1088/0067-0049/210/2/20},
   adsurl = {http://adsabs.harvard.edu/abs/2014ApJS..210...20M},
  adsnote = {Provided by the SAO/NASA Astrophysics Data System}
}

@ARTICLE{reduce2002,
   author = {{Piskunov}, N.~E. and {Valenti}, J.~A.},
    title = "{New algorithms for reducing cross-dispersed echelle spectra}",
  journal = {\aap},
 keywords = {INSTRUMENTATION: SPECTROGRAPHS, METHODS: DATA ANALYSIS, TECHNIQUES: SPECTROSCOPIC},
     year = 2002,
    month = apr,
   volume = 385,
    pages = {1095-1106},
      doi = {10.1051/0004-6361:20020175},
   adsurl = {http://adsabs.harvard.edu/abs/2002A%26A...385.1095P},
  adsnote = {Provided by the SAO/NASA Astrophysics Data System}
}

@ARTICLE{steffen2013,
   author = {{Steffen}, J.~H. and {Fabrycky}, D.~C. and {Agol}, E. and {Ford}, E.~B. and 
	{Morehead}, R.~C. and {Cochran}, W.~D. and {Lissauer}, J.~J. and 
	{Adams}, E.~R. and {Borucki}, W.~J. and {Bryson}, S. and {Caldwell}, D.~A. and 
	{Dupree}, A. and {Jenkins}, J.~M. and {Robertson}, P. and {Rowe}, J.~F. and 
	{Seader}, S. and {Thompson}, S. and {Twicken}, J.~D.},
    title = "{Transit timing observations from Kepler - VII. Confirmation of 27 planets in 13 multiplanet systems via transit timing variations and orbital stability}",
  journal = {\mnras},
archivePrefix = "arXiv",
   eprint = {1208.3499},
 primaryClass = "astro-ph.EP",
 keywords = {methods: data analysis, techniques: photometric, celestial mechanics},
     year = 2013,
    month = jan,
   volume = 428,
    pages = {1077-1087},
      doi = {10.1093/mnras/sts090},
   adsurl = {http://adsabs.harvard.edu/abs/2013MNRAS.428.1077S},
  adsnote = {Provided by the SAO/NASA Astrophysics Data System}
}

@ARTICLE{chiron2013,
   author = {{Tokovinin}, A. and {Fischer}, D.~A. and {Bonati}, M. and {Giguere}, M.~J. and 
	{Moore}, P. and {Schwab}, C. and {Spronck}, J.~F.~P. and {Szymkowiak}, A.
	},
    title = "{CHIRON - A Fiber Fed Spectrometer for Precise Radial Velocities}",
  journal = {\pasp},
archivePrefix = "arXiv",
   eprint = {1309.3971},
 primaryClass = "astro-ph.IM",
 keywords = {Astronomical Instrumentation},
     year = 2013,
    month = nov,
   volume = 125,
    pages = {1336-1347},
      doi = {10.1086/674012},
   adsurl = {http://adsabs.harvard.edu/abs/2013PASP..125.1336T},
  adsnote = {Provided by the SAO/NASA Astrophysics Data System}
}

@ARTICLE{tuomi2013,
   author = {{Tuomi}, M. and {Jones}, H.~R.~A. and {Jenkins}, J.~S. and {Tinney}, C.~G. and 
	{Butler}, R.~P. and {Vogt}, S.~S. and {Barnes}, J.~R. and {Wittenmyer}, R.~A. and 
	{O'Toole}, S. and {Horner}, J. and {Bailey}, J. and {Carter}, B.~D. and 
	{Wright}, D.~J. and {Salter}, G.~S. and {Pinfield}, D.},
    title = "{Signals embedded in the radial velocity noise. Periodic variations in the {$\tau$} Ceti velocities}",
  journal = {\aap},
archivePrefix = "arXiv",
   eprint = {1212.4277},
 primaryClass = "astro-ph.EP",
 keywords = {methods: statistical, methods: numerical, techniques: radial velocities, stars: individual: HD 10700},
     year = 2013,
    month = mar,
   volume = 551,
      eid = {A79},
    pages = {A79},
      doi = {10.1051/0004-6361/201220509},
   adsurl = {http://adsabs.harvard.edu/abs/2013A%26A...551A..79T},
  adsnote = {Provided by the SAO/NASA Astrophysics Data System}
}

@INPROCEEDINGS{wang2011,
   author = {{Wang}, Sharon X. and {Wright}, J.~T.},
    title = "{Improving the RV Precision of HET/HRS}",
booktitle = {AAS Meeting Abstracts},
   volume = 218,
     year = 2011,
    month = may,
    pages = {128.06},
   adsurl = {http://adsabs.harvard.edu/abs/2011AAS...21812806W},
  adsnote = {Provided by the SAO/NASA Astrophysics Data System}
}

@ARTICLE{wang2012,
   author = {{Wang}, Sharon, X. and {Wright}, J.~T. and {Cochran}, W. and 
	{Kane}, S.~R. and {Henry}, G.~W. and {Payne}, M.~J. and {Endl}, M. and 
	{MacQueen}, P.~J. and {Valenti}, J.~A. and {Antoci}, V. and 
	{Dragomir}, D. and {Matthews}, J.~M. and {Howard}, A.~W. and 
	{Marcy}, G.~W. and {Isaacson}, H. and {Ford}, E.~B. and {Mahadevan}, S. and 
	{von Braun}, K.},
    title = "{The Discovery of HD 37605c and a Dispositive Null Detection of Transits of HD 37605b}",
  journal = {\apj},
archivePrefix = "arXiv",
   eprint = {1210.6985},
 primaryClass = "astro-ph.EP",
 keywords = {planetary systems, stars: individual: HD 37605},
     year = 2012,
    month = dec,
   volume = 761,
      eid = {46},
    pages = {46},
      doi = {10.1088/0004-637X/761/1/46},
   adsurl = {http://adsabs.harvard.edu/abs/2012ApJ...761...46W},
  adsnote = {Provided by the SAO/NASA Astrophysics Data System}
}

@ARTICLE{wetherill1994,
   author = {{Wetherill}, G.~W.},
    title = "{Possible consequences of absence of Jupiters in planetary systems}",
  journal = {\apss},
 keywords = {COMETS, GAS GIANT PLANETS, PLANETARY EVOLUTION, SOLAR SYSTEM EVOLUTION, COMETARY COLLISIONS, MONTE CARLO METHOD, PLANETARY ORBITS},
     year = 1994,
    month = feb,
   volume = 212,
    pages = {23-32},
      doi = {10.1007/BF00984505},
   adsurl = {http://adsabs.harvard.edu/abs/1994Ap%26SS.212...23W},
  adsnote = {Provided by the SAO/NASA Astrophysics Data System}
}

@ARTICLE{wittenmyer2009,
   author = {{Wittenmyer}, R.~A. and {Endl}, M. and {Cochran}, W.~D. and 
	{Levison}, H.~F. and {Henry}, G.~W.},
    title = "{A Search for Multi-Planet Systems Using the Hobby-Eberly Telescope}",
  journal = {\apjs},
archivePrefix = "arXiv",
   eprint = {0903.0652},
 primaryClass = "astro-ph.EP",
 keywords = {methods: N-body simulations, planetary systems, techniques: radial velocities},
     year = 2009,
    month = may,
   volume = 182,
    pages = {97-119},
      doi = {10.1088/0067-0049/182/1/97},
   adsurl = {http://adsabs.harvard.edu/abs/2009ApJS..182...97W},
  adsnote = {Provided by the SAO/NASA Astrophysics Data System}
}

@ARTICLE{wright2011,
   author = {{Wright}, J.~T. and {Fakhouri}, O. and {Marcy}, G.~W. and {Han}, E. and 
	{Feng}, Y. and {Johnson}, J.~A. and {Howard}, A.~W. and {Fischer}, D.~A. and 
	{Valenti}, J.~A. and {Anderson}, J. and {Piskunov}, N.},
    title = "{The Exoplanet Orbit Database}",
  journal = {\pasp},
archivePrefix = "arXiv",
   eprint = {1012.5676},
 primaryClass = "astro-ph.SR",
 keywords = {Extrasolar Planets},
     year = 2011,
    month = apr,
   volume = 123,
    pages = {412-422},
      doi = {10.1086/659427},
   adsurl = {http://adsabs.harvard.edu/abs/2011PASP..123..412W},
  adsnote = {Provided by the SAO/NASA Astrophysics Data System}
}

